@article{fuglede86,
    author  = {Fuglede, Bent},
    title   = "{Stability in the Isoperimetric Problem}",
    journal = {Bulletin of the London Mathematical Society},
    volume  = {18},
    number  = {6},
    pages   = {599-605},
    year    = {1986},
    month   = {11},
    issn    = {0024-6093},
    doi     = {10.1112/blms/18.6.599},
    url     = {https://doi.org/10.1112/blms/18.6.599},
    eprint  = {https://academic.oup.com/blms/article-pdf/18/6/599/888235/18-6-599.pdf},
}




@misc{tapia09,
  author        = {Tapia, Richard A.},
  title         = {The Remarkable Life of the Isoperimetric Problem: The World’s Most Influential Mathematics Problem},
  month         = {June},
  year          = {2009},
  publisher     = {Rice University School Math Project}
}


@book{cohen00,
  author = {Cohen, Guy},
  title = {Convexité et optimisation},
  year = {2000},
  publisher = {École Nationale des Ponts et Chaussées \& INRIA},
}